@article{sermanet2013overfeat,
  title={OverFeat: Integrated Recognition, Localization and Detection using Convolutional Networks},
  author={Sermanet, Pierre and Eigen, David and Zhang, Xiang and Mathieu, Michael and Fergus, Rob and LeCun, Yann},
  journal={arXiv preprint arXiv:1312.6229},
  year={2013}
}

@article{rankonetensors,
  title={Rank-One Approximation to High Order Tensors},
  author={Zhang, Tong and Golub, Gene H.},
  journal={SIAM J. Matrix Anal. Appl.},
  issue_date = {2001},
  volume = {23},
  number = {2},
  month = feb,
  year = {2001},
  issn = {0895-4798},
  pages = {534--550}
}

@article{zisserman14,
  title={Speeding up Convolutional Neural Networks with Low Rank Expansions},
  author={Jaderberg, Max and Vedaldi and Andrea and Zisserman, Andrew},
  journal={arXiv preprint arXiv:1405.3866},
  year={2014}
}

@inproceedings{zeiler2011adaptive,
  title={Adaptive deconvolutional networks for mid and high level feature learning},
  author={Zeiler, Matthew D and Taylor, Graham W and Fergus, Rob},
  booktitle={Computer Vision (ICCV), 2011 IEEE International Conference on},
  pages={2018--2025},
  year={2011},
  organization={IEEE}
}

@article{zeiler2013visualizing,
  title={Visualizing and Understanding Convolutional Neural Networks},
  author={Zeiler, Matthew D and Fergus, Rob},
  journal={arXiv preprint arXiv:1311.2901},
  year={2013}
}


@inproceedings{LeNgiChenChiaKohNg10,
  author={Q.~V. Le and J. Ngiam and Z. Chen and D. Chia and P.~W. Koh and A.~Y. Ng}, 
  title={Tiled Convolutional Neural Networks},
  booktitle={Advances in Neural Information Processing Systems},
  year={2010}
}

@article{le2011building,
  title={Building high-level features using large scale unsupervised learning},
  author={Le, Quoc V and Ranzato, Marc'Aurelio and Monga, Rajat and Devin, Matthieu and Chen, Kai and Corrado, Greg S and Dean, Jeff and Ng, Andrew Y},
  journal={arXiv preprint arXiv:1112.6209},
  year={2011}
}

@inproceedings{lowe1999object,
  title={Object recognition from local scale-invariant features},
  author={Lowe, David G},
  booktitle={Computer vision, 1999. The proceedings of the seventh IEEE international conference on},
  volume={2},
  pages={1150--1157},
  year={1999},
  organization={Ieee}
}

@article{denil2013predicting,
  title={Predicting Parameters in Deep Learning},
  author={Denil, Misha and Shakibi, Babak and Dinh, Laurent and Ranzato, Marc'Aurelio and de Freitas, Nando},
  journal={arXiv preprint arXiv:1306.0543},
  year={2013}
}

@inproceedings{vanhoucke2011improving,
  title={Improving the speed of neural networks on CPUs},
  author={Vanhoucke, Vincent and Senior, Andrew and Mao, Mark Z},
  booktitle={Proc. Deep Learning and Unsupervised Feature Learning NIPS Workshop},
  year={2011}
}

@article{mathieu2013fast,
  title={Fast Training of Convolutional Networks through FFTs},
  author={Mathieu, Michael and Henaff, Mikael and LeCun, Yann},
  journal={arXiv preprint arXiv:1312.5851},
  year={2013}
}

@article{hinton2012improving,
  title={Improving neural networks by preventing co-adaptation of feature detectors},
  author={Hinton, Geoffrey E and Srivastava, Nitish and Krizhevsky, Alex and Sutskever, Ilya and Salakhutdinov, Ruslan R},
  journal={arXiv preprint arXiv:1207.0580},
  year={2012}
}


@inproceedings{imagenet,
        AUTHOR = {Deng, J. and Dong, W. and Socher, R. and Li, L.-J. and Li, K. and Fei-Fei, L.},
        TITLE = {{ImageNet: A Large-Scale Hierarchical Image Database}},
        BOOKTITLE = {CVPR09},
        YEAR = {2009},
        BIBSOURCE = "http://www.image-net.org/papers/imagenet_cvpr09.bib"}


@inproceedings{krizhevsky2012imagenet,
  title={Imagenet classification with deep convolutional neural networks},
  author={Krizhevsky, Alex and Sutskever, Ilya and Hinton, Geoff},
  booktitle={Advances in Neural Information Processing Systems 25},
  pages={1106--1114},
  year={2012}
}

@MISC{eigenweb,
  author = {Ga\"{e}l Guennebaud and Beno\^{i}t Jacob and others},
  title = {Eigen v3},
  howpublished = {http://eigen.tuxfamily.org},
  year = {2010}
 }
